@inproceedings{zhou2013space,
  title={Space-efficient, high-performance rank and select structures on
uncompressed bit sequences},
  author={Zhou, Dong and Andersen, David G and Kaminsky, Michael},
  booktitle={Experimental Algorithms: 12th International Symposium, SEA 2013,
Rome, Italy, June 5-7, 2013. Proceedings 12},
  pages={151--163},
  year={2013},
  organization={Springer}
}
